<?xml version="1.0" encoding="UTF-8"?><collection xmlns="http://www.loc.gov/MARC21/slim"><record><leader>00480nam--2200157-i-4500</leader><controlfield tag="001">000017085</controlfield><controlfield tag="002">20161230</controlfield><controlfield tag="005">20170124004620</controlfield><controlfield tag="008">060222s1000------------r-----000-0-eng-d</controlfield><datafield ind1=" " ind2=" " tag="245"><subfield code="a">Current trends in condensed matter, particle physics and cosmology, 21 May - 10 June, 1989</subfield></datafield><datafield ind1=" " ind2=" " tag="260"><subfield code="a">Singapore</subfield><subfield code="b">World Scientific</subfield><subfield code="c">1990</subfield></datafield><datafield ind1=" " ind2=" " tag="300"><subfield code="a">XIV+384 p</subfield></datafield><datafield ind1=" " ind2=" " tag="490"><subfield code="a">Kathmandu Summer School Lecture Notes</subfield></datafield><datafield ind1=" " ind2=" " tag="700"><subfield code="a">Pati, J. C</subfield></datafield><datafield ind1=" " ind2=" " tag="852"><subfield code="a">530.1(061.3)</subfield></datafield><datafield ind1=" " ind2=" " tag="CAT"><subfield code="a">SYS</subfield><subfield code="c">20170124</subfield><subfield code="h">004620</subfield></datafield></record></collection>